% Encoding: UTF-8

@article{https://doi.org/10.13140/rg.2.2.16566.14403/1,
  doi      = {10.13140/rg.2.2.16566.14403/1},
  url      = {http://rgdoi.net/10.13140/RG.2.2.16566.14403/1},
  author = {Calisto, Francisco Maria},
  language = {en},
  title = {Assistant Introduction: User Testing Guide For A Comparison Between Multi-Modality and AI-Assisted Systems},
  publisher = {Madeira Interactive Technologies Institute},
  year = {2019}
}

@MastersThesis{calisto2017mimbcdui,
  author       = {Calisto, Francisco Maria},
  type         = {MSc Thesis},
  title        = {Medical Imaging Multimodality Breast Cancer Diagnosis User Interface},
  school       = {Instituto Superior T\'{e}cnico},
  year         = {2017},
  address      = {Avenida Rovisco Pais 1, 1049-001 Lisboa - Portugal (EU)},
  month        = {10},
  note         = {A Medical Imaging for Multimodality of Breast Cancer Diagnosis by an User Interface.}
}

@misc{MIPDMSAI2019,
  doi = {10.13140/rg.2.2.28001.76642},
  url = {http://rgdoi.net/10.13140/RG.2.2.28001.76642},
  author = {Calisto, Francisco Maria},
  language = {en},
  title = {Medical Imaging Potential Decision Making Support Of Artificial Intelligence},
  publisher = {ResearchGate},
  year = {2019}
}

@book{wilson2018node,
  title={Node. js 8 the Right Way: Practical, Server-side Javascript that Scales},
  author = {Wilson, Jim},
  year={2018},
  publisher={Pragmatic Bookshelf}
}

@inproceedings{Jodogne:ISBI2013,
  author = {Jodogne, S. and Bernard, C. and Devillers, M. and Lenaerts, E. and Coucke, P.},
  title = {Orthanc -- {A} Lightweight, {REST}ful {DICOM} Server for Healthcare and Medical Research},
  booktitle={Biomedical Imaging ({ISBI}), {IEEE} 10th International Symposium on}, 
  year={2013}, 
  pages={190-193}, 
  ISSN={1945-7928},
  month=apr,
  url={http://orbi.ulg.ac.be/handle/2268/163949},
  address={San Francisco, {CA}, {USA}}
}

@article{hostetter2018integration,
  title={Integration of a zero-footprint cloud-based picture archiving and communication system with customizable forms for radiology research and education},
  author={Hostetter, Jason and Khanna, Nishanth and Mandell, Jacob C},
  journal={Academic radiology},
  year={2018},
  publisher={Elsevier}
}

@misc{cooke2003picture,
  title={Picture archiving and communication system},
  author={Cooke Jr, Robert E and Gaeta, Michael G and Kaufman, Dean M and Henrici, John G},
  year={2003},
  month=jun # "~3",
  publisher={Google Patents},
  note={US Patent 6,574,629}
}

@inproceedings{maicas2017deep,
  title={Deep reinforcement learning for active breast lesion detection from dce-mri},
  author={Maicas, Gabriel and Carneiro, Gustavo and Bradley, Andrew P and Nascimento, Jacinto C and Reid, Ian},
  booktitle={International Conference on Medical Image Computing and Computer-Assisted Intervention},
  pages={665--673},
  year={2017},
  organization={Springer}
}

@inproceedings{carneiro2015unregistered,
  title={Unregistered multiview mammogram analysis with pre-trained deep learning models},
  author={Carneiro, Gustavo and Nascimento, Jacinto and Bradley, Andrew P},
  booktitle={International Conference on Medical Image Computing and Computer-Assisted Intervention},
  pages={652--660},
  year={2015},
  organization={Springer}
}

@inproceedings{vedaldi2015matconvnet,
  title={Matconvnet: Convolutional neural networks for matlab},
  author={Vedaldi, Andrea and Lenc, Karel},
  booktitle={Proceedings of the 23rd ACM international conference on Multimedia},
  pages={689--692},
  year={2015},
  organization={ACM}
}